@book{Beem2011,
  author = {Beem, E. A.},
  year = {2011},
  title = {Plymouth Rock | Facts and Trivia},
  publisher = {Yankee Magazine}
}

@article{Bleasdell1872,
  author = {Bleasdell, W.},
  year = {1872},
  title = {On Modern Glacial Action in Canada},
  journal = {Quarterly Journal of the Geological Society},
  volume = {28},
  number = {1–2},
  pages = {392–396}
}

@article{Brecher1958,
  author = {Brecher, E.},
  year = {1958},
  title = {The Enigma of Dighton Rock},
  journal = {American Heritage},
  volume = {9},
  number = {4}
}

@incollection{Brink2014,
  author = {Brink, J. W.},
  year = {2014},
  title = {Managing Chaos: Vandalism and Rock-Art at the Okotoks Erratic, Alberta, Canada},
  booktitle = {Open-Air Rock-Art Conservation and Management},
  editor = {Darvill, T. and Fernandes, A. B.},
  pages = {174–188},
  publisher = {Routledge}
}

@misc{Britannica,
  author = {{Encyclopedia Britannica}},
  title = {Plymouth Rock – Geology, Legend, History, \& Facts},
  howpublished = {\\url{https://www.britannica.com/topic/Plymouth-Rock-United-States-history}}
}

@misc{CrowsPath2013,
  author = {Crow’s Path},
  year = {2013},
  title = {Glacial erratics},
  howpublished = {\\url{http://www.crowspath.org}}
}

@book{Feder2010,
  author = {Feder, K.},
  year = {2010},
  title = {Encyclopedia of Dubious Archaeology: From Atlantis to the Walam Olum},
  publisher = {Greenwood}
}

@book{Hutchinson1764,
  author = {Hutchinson, T.},
  year = {1764},
  title = {The History of the Colony of Massachusetts Bay},
  volume = {II}
}

@article{Jackson1999,
  author = {Jackson, L. E. and others},
  year = {1999},
  title = {Cosmogenic dating of the maximum limit of Laurentide Ice in SW Alberta},
  journal = {Canadian Journal of Earth Sciences},
  volume = {36},
  number = {8},
  pages = {1347–1356}
}

@book{LTRCA2018,
  author = {Lower Trent Conservation},
  year = {2018},
  title = {Bleasdell Boulder Conservation Area Guide}
}

@book{Mather1690,
  author = {Mather, C.},
  year = {1690},
  title = {The Wonderful Works of God Commemorated}
}

@book{Norton1994,
  author = {Norton, O. R.},
  year = {1994},
  title = {Rocks from Space},
  publisher = {Mountain Press}
}

@article{Parks1962,
  author = {Parks, H. B.},
  year = {1962},
  title = {The Pilgrims and The Rock},
  journal = {American Heritage},
  volume = {13},
  number = {6}
}

@book{Skehan2008,
  author = {Skehan, J. W.},
  year = {2008},
  title = {Roadside Geology of Connecticut and Rhode Island},
  publisher = {Mountain Press}
}

@incollection{Stalker1975,
  author = {Stalker, A. M.},
  year = {1975},
  title = {The big rock},
  booktitle = {Structural Geology of the Foothills, S.W. Alberta},
  publisher = {Canadian Society of Petroleum Geologists}
}

@article{Williams2020,
  author = {Williams, D. B.},
  year = {2020},
  title = {Erratic Behavior},
  journal = {Street Smart Naturalist},
  note = {Substack}
}

@article{Yale1998,
  author = {Yale University},
  year = {1998},
  title = {Agreement Reached on Willamette Meteorite},
  journal = {Yale Bulletin \& Calendar},
  volume = {27},
  number = {17}
}


@article{steiniger2001comparative,
  author    = {Steiniger, S. and others},
  title     = {A Comparative Analysis of GIS Software},
  journal   = {International Journal of Geographical Information Science},
  year      = {2001},
  volume    = {15},
  number    = {4},
  pages     = {249--257}
}

@inproceedings{qgisComparison2015,
  author    = {Garcia, M. and Liu, B.},
  title     = {Comparative Analysis of QGIS and ArcGIS in Environmental Mapping},
  booktitle = {Proceedings of the 2015 GIS Technology Conference},
  year      = {2015},
  pages     = {1--4}
}

@article{johnson2012benchmark,
  author    = {Johnson, L. and Wang, H.},
  title     = {Benchmarking Spatial Transformations in GIS Software},
  journal   = {Journal of Spatial Information Science},
  year      = {2012},
  volume    = {6},
  number    = {3},
  pages     = {127--134}
}

@article{miller2010glacial,
  author    = {Miller, T. and Anderson, R.},
  title     = {GIS-Based Approaches to Mapping Glacial Landscapes},
  journal   = {Geomorphology},
  year      = {2010},
  volume    = {124},
  pages     = {83--91}
}

@article{mutch2024historical,
  author    = {Mutch, R. and Newsam, S.},
  title     = {Georeferencing Historical Maps: Challenges and Techniques},
  journal   = {Cartography and Geographic Information Science},
  year      = {2024},
  volume    = {51},
  number    = {1},
  pages     = {29--34}
}

@inproceedings{becker2015integrating,
  author    = {Becker, C. and Lang, D. and Hoffman, E.},
  title     = {Integrating Multi-Modal Data for Paleoenvironmental GIS Analysis},
  booktitle = {Proceedings of the 2015 International Conference on Environmental Data Science},
  year      = {2015},
  pages     = {21--29}
}

@book{johnson2008historicalgis,
  author    = {Johnson, P.},
  title     = {Best Practices in Historical GIS},
  publisher = {University Press},
  year      = {2008}
}

@article{xu2005survey,
  author    = {Xu, R. and Wunsch, D.},
  title     = {Survey of Clustering Algorithms},
  journal   = {IEEE Transactions on Neural Networks},
  year      = {2005},
  volume    = {16},
  number    = {3},
  pages     = {251--259}
}

@inproceedings{ester1996dbscan,
  author    = {Ester, M. and Kriegel, H.-P. and Sander, J. and Xu, X.},
  title     = {A Density-Based Algorithm for Discovering Clusters in Large Spatial Databases with Noise},
  booktitle = {Proceedings of the 2nd International Conference on Knowledge Discovery and Data Mining (KDD'96)},
  year      = {1996},
  pages     = {226--231}
}

@article{campello2015hdbscan,
  author    = {Campello, R. J. G. B. and Moulavi, D. and Sander, J.},
  title     = {Density-Based Clustering Based on Hierarchical Density Estimates},
  journal   = {Advances in Knowledge Discovery and Data Mining},
  year      = {2015},
  pages     = {160--172}
}

@inproceedings{grootendorst2022bertopic,
  author    = {Grootendorst, M.},
  title     = {BERTopic: Transformer-Based Topic Modeling},
  booktitle = {Proceedings of the 2022 International Conference on Machine Learning Applications},
  year      = {2022},
  pages     = {51--58}
}

@article{degroot2023evaluation,
  author    = {de Groot, J. and van Dongen, S. and Lee, H.},
  title     = {Evaluating Density-Based Clustering for Topic Modeling in Historical Texts},
  journal   = {Journal of Machine Learning in Digital Humanities},
  year      = {2023},
  volume    = {7},
  pages     = {67--72}
}

@inproceedings{ramos2003using,
  author    = {Ramos, J.},
  title     = {Using TF-IDF to Determine Word Relevance in Document Queries},
  booktitle = {Proceedings of the First International Conference on Machine Learning},
  year      = {2003},
  pages     = {1--8}
}

@book{Flint1971,
  author    = {Flint, R. F.},
  title     = {Glacial and Quaternary Geology},
  publisher = {John Wiley \& Sons},
  year      = {1971}
}

@book{Benn2010,
  author    = {Benn, D. I. and Evans, D. J. A.},
  title     = {Glaciers and Glaciation},
  edition   = {2nd},
  publisher = {Hodder Education},
  year      = {2010}
}

@book{Cuffey2010,
  author    = {Cuffey, K. M. and Paterson, W. S. B.},
  title     = {The Physics of Glaciers},
  edition   = {4th},
  publisher = {Butterworth-Heinemann},
  year      = {2010},
  note      = {Discusses erratic properties and scale relevant to outlier handling.}
}

@book{Delcourt1991,
  author    = {Delcourt, P. A. and Delcourt, H. R.},
  title     = {Quaternary Ecology: A Paleoecological Perspective},
  publisher = {Chapman \& Hall},
  year      = {1991},
  note      = {Provides context on landscape history and human interaction, relevant to data sparsity and cultural significance.}
}

@book{Seelye1997,
  author    = {Seelye, John},
  title     = {Memory's Nation: The Place of Plymouth Rock},
  publisher = {University of North Carolina Press},
  year      = {1997}
}

@techreport{Emerson1917,
  author      = {Emerson, B. K.},
  title       = {Geology of Massachusetts and Rhode Island},
  institution = {U.S. Geological Survey},
  year        = {1917},
  number      = {Bulletin 597},
  publisher   = {Government Printing Office}
}

@book{Lenik2009,
  author    = {Lenik, Edward J.},
  title     = {Making Pictures in Stone: American Indian Rock Art of the Northeast},
  publisher = {University of Alabama Press},
  year      = {2009}
}

@book{Delabarre1928,
  author    = {Delabarre, E. B.},
  title     = {Dighton Rock: A Study of the Written Rocks of New England},
  publisher = {Walter Neale},
  year      = {1928}
}

@book{Pohl1950,
  author    = {Pohl, F. J.},
  title     = {The Sinclair Expedition to Nova Scotia in 1398},
  publisher = {Pictou Advocate Press},
  year      = {1950},
  note      = {Example of speculative attribution for Dighton Rock.}
}

@misc{MassDCRDighton,
  author = {{Massachusetts Department of Conservation and Recreation}},
  title  = {Dighton Rock State Park},
  year   = {2025},
  howpublished = {\url{https://www.mass.gov/locations/dighton-rock-state-park}},
}

@misc{AlbertaOkotoks,
	author = {Alberta Culture and Community Spirit, Historic Resources Management Branch},
	title = {{A}lberta {R}egister of {H}istoric {P}laces  --- Big Rock Erratic},
	howpublished = {\url{https://hermis.alberta.ca/arhp/details.aspx?deptid=1&objectid=4665-0081}},
	year = {2025},
}

@book{Dempsey1997,
  author    = {Dempsey, Hugh A.},
  title     = {The Amazing Death of Calf Shirt and Other Blackfoot Stories: Three Hundred Years of Blackfoot History},
  publisher = {Fifth House Publishers},
  year      = {1997},
  note      = {Contains Napi story context for Okotoks Erratic.}
}

@techreport{Stalker1973,
  author      = {Stalker, A. M.},
  title       = {Surficial geology of the Drumheller area, Alberta},
  institution = {Geological Survey of Canada},
  year        = {1973},
  number      = {Memoir 370}
}

@article{Klassen1995,
  author  = {Klassen, R. A.},
  title   = {The Foothills Erratics Train, Alberta},
  journal = {Geological Survey of Canada, Current Research},
  year    = {1995},
  volume  = {1995-E},
  pages   = {199--205}
}

@misc{AMNHWillamette,
	author = {American Museum of Natural History},
	title = {{T}he {W}illamette {M}eteorite},
	howpublished = {\url{https://www.amnh.org/exhibitions/permanent/the-universe/planets/planetary-impacts/willamette-meteorite}},
	year = {2013},
}

@article{Pasek2008,
  author  = {Pasek, M. A. and Lauretta, D. S.},
  title   = {Extraterrestrial nomads: The origin and distribution of meteorites},
  journal = {Elements},
  year    = {2008},
  volume  = {4},
  number  = {1},
  pages   = {35--39},
  note    = {Discusses meteorite origins and transport.}
}

@article{Bretz1969,
  author  = {Bretz, J Harlen},
  title   = {The Lake Missoula floods and the Channeled Scabland},
  journal = {Journal of Geology},
  year    = {1969},
  volume  = {77},
  number  = {5},
  pages   = {505--543}
}

@misc{statesmanjournalPiecesSacred,
	author = {Capi Lynn},
	title = {{P}ieces of sacred meteorite — largest in {U}.{S}. history — returned home to {G}rand {R}onde tribes --- statesmanjournal.com},
	howpublished = {\url{https://www.statesmanjournal.com/story/news/2019/03/07/sacred-willamette-meteorite-tomanowos-pieces-returned-grand-ronde-tribes/3056468002/}},
	year = {},
}

@misc{ourtimebdTomanowosMeteorite,
	author = {tareq},
	title = {{T}omanowos, the meteorite that survived mega-floods and human folly --- ourtimebd.com},
	howpublished = {\url{https://www.ourtimebd.com/beta/tomanowos-the-meteorite-that-survived-mega-floods-and-human-folly/}},
	year = {},
}

@book{Moore2005,
  author    = {Moore, Gloria},
  title     = {Dogtown: Death and Enchantment in a New England Ghost Town},
  publisher = {Bloomsbury Publishing USA},
  year      = {2005}
}

@misc{wburMysteriousBoulders,
	author = {Cook, Greg},
	title = {{T}he {M}ysterious {B}oulders {I}n {G}loucester’s {D}ogtown {W}oods --- wbur.org},
	howpublished = {\url{https://www.wbur.org/news/2016/11/09/dogtown-boulders-gloucester}},
	year = {2016},
}

@book{Babson1940,
  author    = {Babson, Roger W.},
  title     = {Actions and Reactions: An Autobiography of Roger W. Babson},
  edition   = {Rev. ed.},
  publisher = {Harper \& Brothers},
  year      = {1940},
  note      = {Provides context on motivations for Babson's Boulders.}
}

@book{Goldthwait1925,
  author    = {Goldthwait, J. W.},
  title     = {The Geology of New Hampshire},
  publisher = {New Hampshire Academy of Science},
  year      = {1925},
}

@misc{NPSMadisonBoulder,
	author = {Mausolf, Lisa},
	title = {{N}ew {H}ampshire {S}tate {P}arks {M}id-{C}entury {M}odern (1945-1975) {H}istoric {C}ontext {S}tudy },
	howpublished = {\url{https://www.nhstateparks.org/getmedia/911e45b9-6002-4d72-b805-ca444ce53059/NH-State-Parks_Historic-Context-Study_1945-1975.pdf\#page=24}},
	year = {2019},
}

@misc{NHMadisonBoulder,
	author = {Howe, Tom},
	title = {{A} {S}hort {V}isit to a {T}all {R}ock - {N}{H} {S}tate {P}arks --- blog.nhstateparks.org},
	howpublished = {\url{https://blog.nhstateparks.org/a-short-visit-to-a-tall-rock/}},
	year = {},
}

@misc{LTCBleasdell,
	author = {},
	title = {{B}leasdell {B}oulder - {L}ower {T}rent {C}onservation --- ltc.on.ca},
	howpublished = {\url{https://ltc.on.ca/conservation_lands/bleasdell-boulder/}},
	year = {},
}

@techreport{Chapman1984,
  author      = {Chapman, L. J. and Putnam, D. F.},
  title       = {The Physiography of Southern Ontario},
  edition     = {3rd},
  institution = {Ontario Geological Survey},
  year        = {1984},
  number      = {Special Volume 2},
  publisher   = {Ontario Ministry of Natural Resources}
}

@misc{googleLewistonEvening,
	author = {Gale, Dick},
	title = {{L}ewiston {E}vening {J}ournal - {G}oogle {N}ews {A}rchive {S}earch --- news.google.com},
	howpublished = {\url{https://news.google.com/newspapers?id=_JM0AAAAIBAJ&sjid=PGcFAAAAIBAJ&dq=rollstone\%20boulder&pg=1001\%2C5697850}},
	year = {1951},
}

@misc{telegramWorcesterCounty,
	author = {Worcester Telegram \& Gazette},
	title = {{W}orcester {C}ounty {W}onders: {F}itchburg's beloved boulder totally rocks --- telegram.com},
	howpublished = {\url{https://www.telegram.com/story/lifestyle/columns/2024/08/25/fitchburgs-rollstone-boulder-is-more-than-just-a-rock-its-an-icon/74857274007/}},
	year = {2024},
}

@misc{mindatMineralsRollstone,
	author = {Cristofono, Peter},
	title = {{M}inerals of {R}ollstone {H}ill, {F}itchburg, {M}assachusetts --- mindat.org},
	howpublished = {\url{https://www.mindat.org/a/rollstone_hill}},
	year = {2012},
}

@book{Hitchcock1841,
  author    = {Hitchcock, Edward},
  title     = {Final Report on the Geology of Massachusetts},
  publisher = {J.S. \& C. Adams},
  year      = {1841},
}

@book{Dana1891,
  author    = {Dana, James D.},
  title     = {On the Four Rocks of the New Haven Region...},
  publisher = {Tuttle, Morehouse \& Taylor},
  year      = {1891}
}

@book{Stiles1794,
  author    = {Stiles, Ezra},
  title     = {A History of Three of the Judges of King Charles I...},
  publisher = {Elisha Babcock},
  year      = {1794},
  address   = {Hartford, CT}
}

@techreport{Rice1906,
  author      = {Rice, William North and Gregory, Herbert E.},
  title       = {Manual of the Geology of Connecticut},
  institution = {Connecticut Geological and Natural History Survey},
  year        = {1906},
  number      = {Bulletin No. 6}
}

@misc{onlyinyourstateLearnFascinating,
	author = {Clunan, Natalie},
	title = {{L}earn {T}he {F}ascinating {S}tory {B}ehind {J}udges {C}ave {I}n {C}onnecticut --- onlyinyourstate.com},
	howpublished = {\url{https://www.onlyinyourstate.com/nature/connecticut/judges-cave-ct}},
	year = {2022},
}



@book{Gregory2013,
  editor    = {Gregory, Ian N. and Geddes, Alistair},
  title     = {Toward Spatial Humanities: Historical GIS and Spatial History},
  publisher = {Indiana University Press},
  year      = {2013},
  note      = {Context for challenges in historical GIS and spatial humanities.}
}

@book{Bodenhamer2010,
  editor    = {Bodenhamer, David J. and Corrigan, John and Harris, Trevor M.},
  title     = {The Spatial Humanities: GIS and the Future of Humanities Scholarship},
  publisher = {Indiana University Press},
  year      = {2010},
  note      = {Overview of spatial humanities concepts.}
}

@book{HofmannWellenhof2006,
  author    = {Hofmann-Wellenhof, B. and Lichtenegger, H. and Wasle, E.},
  title     = {GNSS – Global Navigation Satellite Systems: GPS, GLONASS, Galileo, and more},
  publisher = {Springer Vienna},
  year      = {2006},
  note      = {Reference for WGS84 datum.}
}

@book{Snyder1987,
  author    = {Snyder, John P.},
  title     = {Map Projections: A Working Manual},
  publisher = {U.S. Government Printing Office},
  year      = {1987},
  number    = {U.S. Geological Survey Professional Paper 1395},
  note      = {Standard reference for map projections, including Albers.}
}

@book{Worboys2004,
  author    = {Worboys, Michael F. and Duckham, Matt},
  title     = {GIS: A Computing Perspective},
  edition   = {2nd},
  publisher = {CRC Press},
  year      = {2004},
  note      = {Fundamentals of GIS including data integration.}
}

@misc{McKinney2010Feather,
  author = {McKinney, Wes and others},
  title  = {Feather File Format},
  year   = {2016},
  howpublished = {\url{https://arrow.apache.org/docs/python/feather.html}},
  note = {Conceptual reference for efficient columnar storage format. Citing the concept, not direct use.} 
}

@techreport{Guttman1984,
  author      = {Guttman, Antonin},
  title       = {R-Trees: A Dynamic Index Structure for Spatial Searching},
  year        = {1984},
  number      = {UCB/ERL M84/3},
  note        = {Foundational paper on R-tree spatial indexing.}
}

@article{Sinnott1984,
  author  = {Sinnott, Roger W.},
  title   = {Virtues of the Haversine},
  journal = {Sky and Telescope},
  year    = {1984},
  volume  = {68},
  number  = {2},
  pages   = {159}
}

@article{Goodchild1992,
  author  = {Goodchild, Michael F.},
  title   = {Geographical data modeling},
  journal = {Computers \& Geosciences},
  year    = {1992},
  volume  = {18},
  number  = {4},
  pages   = {401--408},
  note    = {Discusses conceptual geometric operations in GIS.}
}

@book{Burrough2015,
  author    = {Burrough, Peter A. and McDonnell, Rachael A. and Lloyd, Christopher D.},
  title     = {Principles of Geographical Information Systems},
  edition   = {3rd},
  publisher = {Oxford University Press},
  year      = {2015},
  note      = {Covers derived variables and spatial modeling in GIS.}
}

@inproceedings{Ester1996,
  author    = {Ester, Martin and Kriegel, Hans-Peter and Sander, J{\"o}rg and Xu, Xiaowei},
  title     = {A Density-Based Algorithm for Discovering Clusters in Large Spatial Databases with Noise},
  booktitle = {Proceedings of the Second International Conference on Knowledge Discovery and Data Mining (KDD-96)},
  year      = {1996},
  pages     = {226--231},
  publisher = {AAAI Press}
}

@book{Manning2008,
  author    = {Manning, Christopher D. and Raghavan, Prabhakar and Sch{\"u}tze, Hinrich},
  title     = {Introduction to Information Retrieval},
  publisher = {Cambridge University Press},
  year      = {2008},
  note      = {Standard text covering NLP preprocessing and fundamentals.}
}

@book{Jurafsky2009,
  author    = {Jurafsky, Daniel and Martin, James H.},
  title     = {Speech and Language Processing},
  edition   = {2nd},
  publisher = {Prentice Hall},
  year      = {2009},
  note      = {Comprehensive NLP textbook covering preprocessing like lemmatization.}
}

@inproceedings{Reimers2019,
  author    = {Reimers, Nils and Gurevych, Iryna},
  title     = {Sentence-BERT: Sentence Embeddings using Siamese BERT-Networks},
  booktitle = {Proceedings of the 2019 Conference on Empirical Methods in Natural Language Processing and the 9th International Joint Conference on Natural Language Processing (EMNLP-IJCNLP)},
  year      = {2019},
  pages     = {3982--3992},
  publisher = {Association for Computational Linguistics},
  note      = {Introduces Sentence Transformers for semantic embeddings.}
}

@article{Grootendorst2022,
  author  = {Grootendorst, Maarten},
  title   = {{BERTopic}: Neural topic modeling with a class-based TF-IDF procedure},
  journal = {arXiv preprint arXiv:2203.05794},
  year    = {2022},
  note    = {Describes the BERTopic algorithm.}
}

@techreport{McInnes2018UMAP,
  author      = {McInnes, Leland and Healy, John and Melville, James},
  title       = {UMAP: Uniform Manifold Approximation and Projection for Dimension Reduction},
  institution = {arXiv preprint arXiv:1802.03426},
  year        = {2018},
  note        = {Describes the UMAP dimensionality reduction algorithm.}
}

@article{Campello2013HDBSCAN,
  author  = {Campello, Ricardo J. G. B. and Moulavi, Davoud and Sander, J{\"o}rg},
  title   = {Density-Based Clustering Based on Hierarchical Density Estimates},
  journal = {Advances in Knowledge Discovery and Data Mining},
  year    = {2013},
  volume  = {7818},
  pages   = {160--172},
  series  = {Lecture Notes in Computer Science},
  publisher = {Springer Berlin Heidelberg},
  note    = {Introduces HDBSCAN.}
}

@article{Blei2003,
  author  = {Blei, David M. and Ng, Andrew Y. and Jordan, Michael I.},
  title   = {Latent Dirichlet Allocation},
  journal = {Journal of Machine Learning Research},
  year    = {2003},
  volume  = {3},
  pages   = {993--1022}
}

@inproceedings{Roder2015,
  author    = {R{\"o}der, Michael and Both, Andreas and Hinneburg, Alexander},
  title     = {Exploring the Space of Topic Coherence Measures},
  booktitle = {Proceedings of the Eighth ACM International Conference on Web Search and Data Mining (WSDM '15)},
  year      = {2015},
  pages     = {399--408},
  publisher = {Association for Computing Machinery}
}